@Online{onf_sdn_def,
title = {Software-Defined Networking (SDN) Definition},
note= {{Open Networking Foundation}, \url {https://www.opennetworking.org/sdn-resources/sdn-definition}, {Accessed: 2016-01-25}},
}


@Book{compilers1,
AUTHOR = {Aho, Alfred V. and R. Sethi and J.D. Ullman},
TITLE = {Compilers, Principles, Techniques, and Tools},
EDITOR = {James T, DeWolf},
EDITION = {1st},
PUBLISHER = {Addison-Wesley Publishing Company},
ADDRESS = {Reading, Massachusetts},
YEAR = {1986},
PAGES = {394-395 pp},
}


@Online{openflow_spec,
title = {OpenFlow Specification 1.5},
organization = {Open Networking Foundation},
month = {December},
year = {2014},
note = {\url {https://www.opennetworking.org/images/stories/downloads/sdn-resources/onf-specifications/openflow/openflow-switch-v1.5.0.noipr.pdf}, {Accessed: 2016-01-25}}
}

@Online{p4_spec,
title = {P4 Specification 1.0.2},
organization = {The P4 Language Consortium},
month = {March},
year = {2015},
note = {\url {http://p4.org/wp-content/uploads/2015/04/p4-latest.pdf}, {Accessed: 2015-07-15}}
}

@Online{ovs_man_page,
title = {Open vSwitch Manual 2.5.90},
organization = {Open vSwitch},
note = {\url {http://openvswitch.org/support/dist-docs/ovs-ofctl.8.txt}, {Accessed: 2016-02-21}}
}

@techreport{eth_std,
title = {IEEE Standard for Ethernet, Section 1},
organization = {IEEE Computer Society},
month = {December},
year = {2012},
note = {\url {https://standards.ieee.org/getieee802/download/802.3-2012_section1.pdf}, {Accessed: 2016-02-11}}
}

@techreport{ipv4_std,
TITLE = "{Internet Protocol}",
HOWPUBLISHED = {Internet Requests for Comments},
TYPE="{RFC}",
NUMBER=791,
PAGES = {11},
YEAR = {1981},
PUBLISHER = "{Internet Engineering Task Force | IETF}",
INSTITUTION = "{Internet Engineering Task Force | IETF}",
URL={https://tools.ietf.org/html/rfc791}
}

@techreport{ipv6_std,
AUTHOR = {S. Deering and R. Hinden},
TITLE = "{Internet Protocol, Version 6 (IPv6) Specification}",
HOWPUBLISHED = {Internet Requests for Comments},
TYPE="{RFC}",
NUMBER=2460,
PAGES = {4},
YEAR = {1998},
PUBLISHER = "{Internet Engineering Task Force | IETF}",
INSTITUTION = "{Internet Engineering Task Force | IETF}",
URL={https://tools.ietf.org/html/rfc2460}
}
   
@techreport{tcp_std,
AUTHOR = {Vinton Cerf and Yogen Dalal and Carl Sunshine},
TITLE = "{Specification of Internet Transmission Control Program}",
HOWPUBLISHED = {Internet Requests for Comments},
TYPE="{RFC}",
NUMBER=675,
PAGES = {16-17},
YEAR = {1974},
PUBLISHER = "{Internet Engineering Task Force | IETF}",
INSTITUTION = "{Internet Engineering Task Force | IETF}",
URL={https://tools.ietf.org/html/rfc675}
}

@Online{vlan_std,
title = {IEEE Standard for
Local and metropolitan area networks -- Virtual Bridged Local Area Networks --
Bridge Port Extension},
organization = {IEEE Computer Society},
month = {July},
year = {2012},
note = {\url {http://standards.ieee.org/getieee802/download/802.1BR-2012.pdf}, {Accessed: 2016-03-21}}
}

@Online{rust_dst_std,
title = {The Rustonomicon},
subtitle = {Exotic Sizes},
organization = {Mozilla Research},
note = {\url {https://doc.rust-lang.org/nomicon/exotic-sizes.html}, {Accessed: 2016-02-11}}
}


@techreport{cpp_std,
type = {Standard},
key = {ISO 7498:1994(E)},
title = {Programming Language C++},
volume = {2014},
address = {Geneva, CH},
institution = {International Organization for Standardization}
note = {\url {http://www.open-std.org/jtc1/sc22/wg21/docs/papers/2014/n4296.pdf}, {Accessed: 2016-02-27}}
}

@techreport{osi_model,
type = {Standard},
key = {ISO 7498:1994(E)},
month = nov,
year = {1994},
title = {{Information technology -- Open Systems Interconection --
Basic Reference Model: The Basic Model}},
volume = {1994},
address = {Geneva, CH},
institution = {International Organization for Standardization}
}

\end{thebibliography}
